@phdthesis{betz,
  title={Architecture and CAD for Speed and Area Optimization of FPGAs},
  author={Betz, Vaughn},
  year={1998},
  school={National Library of Canada/Biblioth√®que nationale du Canada}
}

@article{Chakravarti,
  title={Layout design of D Flip Flop for Power and Area Reduction},
  author={Kumar Chakravarti, Praveen and Mehra, Rajesh},
  journal={International Journal of Scientific Research Engineering & Technology (IJSRET)},
  volume={EATHD-2015 Conference Proceeding, 14-15 March},
  year={2015},
  month={03},
  pages={154-158}
}